@article{halperin2020qlbs,
  title={Qlbs: Q-learner in the black-scholes (-merton) worlds},
  author={Halperin, Igor},
  journal={The Journal of Derivatives},
  volume={28},
  number={1},
  pages={99--122},
  year={2020},
  publisher={Institutional Investor Journals Umbrella}
}

@inproceedings{li2009learning,
  title={Learning exercise policies for american options},
  author={Li, Yuxi and Szepesvari, Csaba and Schuurmans, Dale},
  booktitle={Artificial Intelligence and Statistics},
  pages={352--359},
  year={2009},
  organization={PMLR}
}

@article{longstaff2001valuing,
  title={Valuing American options by simulation: a simple least-squares approach},
  author={Longstaff, Francis A and Schwartz, Eduardo S},
  journal={The review of financial studies},
  volume={14},
  number={1},
  pages={113--147},
  year={2001},
  publisher={Oxford University Press}
}

@article{tamar2015policy,
  title={Policy gradient for coherent risk measures},
  author={Tamar, Aviv and Chow, Yinlam and Ghavamzadeh, Mohammad and Mannor, Shie},
  journal={Advances in neural information processing systems},
  volume={28},
  year={2015}
}

@article{marzban2021deep,
  title={Deep Reinforcement Learning for Equal Risk Pricing and Hedging under Dynamic Expectile Risk Measures},
  author={Marzban, Saeed and Delage, Erick and Li, Jonathan Yumeng},
  journal={arXiv preprint arXiv:2109.04001},
  year={2021}
}

@article{fathan2021deep,
  title={Deep Reinforcement Learning for Optimal Stopping with Application in Financial Engineering},
  author={Fathan, Abderrahim and Delage, Erick},
  journal={arXiv preprint arXiv:2105.08877},
  year={2021}
}

@misc{grassl2010reinforcement,
  title={A reinforcement learning approach for pricing derivatives},
  author={Grassl, Thomas},
  year={2010},
  publisher={The Stanford Encyclopedia of Philosophy}
}

@phdthesis{tali2020delta,
  title={Delta Hedging of Financial Options Using Reinforcement Learning and an Impossibility Hypothesis},
  author={Tali, Ronak},
  year={2020},
  school={Utah State University}
}

@book{shreve2004stochastic,
  title={Stochastic calculus for finance II: Continuous-time models},
  author={Shreve, Steven E and others},
  volume={11},
  year={2004},
  publisher={Springer}
}

@book{alma991057973644906011,
  author = {Musiela, Marek.},
  address = {Berlin, Heidelberg},
  booktitle = {Martingale Methods in Financial Modelling},
  edition = {2nd ed. 2005.},
  isbn = {1-280-46027-X},
  keywords = {Econometrics},
  language = {eng},
  publisher = {Springer Berlin Heidelberg},
  series = {Stochastic Modelling and Applied Probability, 36},
  title = {Martingale Methods in Financial Modelling by Marek Musiela, Marek Rutkowski.},
  year = {2005},
}

@article{halperin2021distributional,
  title={Distributional Offline Continuous-Time Reinforcement Learning with Neural Physics-Informed PDEs (SciPhy RL for DOCTR-L)},
  author={Halperin, Igor},
  journal={arXiv preprint arXiv:2104.01040},
  year={2021}
}

@book{sutton2018reinforcement,
  title={Reinforcement learning: An introduction},
  author={Sutton, Richard S and Barto, Andrew G},
  year={2018},
  publisher={MIT press}
}

@inproceedings{he2016deep,
  title={Deep residual learning for image recognition},
  author={He, Kaiming and Zhang, Xiangyu and Ren, Shaoqing and Sun, Jian},
  booktitle={Proceedings of the IEEE conference on computer vision and pattern recognition},
  pages={770--778},
  year={2016}
}
